@ARTICLE {Hag56,
	author  = "David W Hagelbarger",
	title   = "Seer, a sequence extrapolating robot",
	journal = "Electronic Computers, IRE Transactions on",
	year    = "1956",
	volume  = "1",
	pages   = "1-7"
}

@ARTICLE {Sha53,
	author  = "Claude E Shannon",
	title   = "A mind-reading machine",
	journal = "Bell Laboratories memorandum",
	year    = "1953"
}

@ARTICLE{Willems95,
	author = {Frans M. J. Willems and Yuri M. Shtarkov and Tjalling J. Tjalkens},
	title = {The Context Tree Weighting Method: Basic Properties},
	journal = {IEEE Transactions on Information Theory},
	year = {1995},
	volume = {41},
	pages = {653--664}
}

@article{CB97,
 author = {Cesa-Bianchi, Nicol\`{o} and Freund, Yoav and Haussler, David and Helmbold, David P. and Schapire, Robert E. and Warmuth, Manfred K.},
 title = {How to Use Expert Advice},
 journal = {J. ACM},
 issue_date = {May 1997},
 volume = {44},
 number = {3},
 month = may,
 year = {1997},
 issn = {0004-5411},
 pages = {427--485},
 numpages = {59},
 url = {http://doi.acm.org/10.1145/258128.258179},
 doi = {10.1145/258128.258179},
 acmid = {258179},
 publisher = {ACM},
 address = {New York, NY, USA},
 keywords = {algorithms},
} 
